<record><leader>00000cas a22000007a 4500</leader><controlfield tag="001">25125081</controlfield><controlfield tag="008">920117d19271959wyuwr ne      0    0eng d</controlfield><datafield ind1=" " ind2=" " tag="010"><subfield code="a">sn 92066901 </subfield></datafield><datafield ind1=" " ind2=" " tag="040"><subfield code="a">NVO</subfield><subfield code="b">eng</subfield><subfield code="c">NVO</subfield><subfield code="d">OCLCQ</subfield><subfield code="d">OCLCF</subfield><subfield code="d">OCLCO</subfield></datafield><datafield ind1="1" ind2=" " tag="029"><subfield code="a">AU@</subfield><subfield code="b">000025908960</subfield></datafield><datafield ind1=" " ind2=" " tag="042"><subfield code="a">msc</subfield></datafield><datafield ind1=" " ind2=" " tag="043"><subfield code="a">n-us-wy</subfield></datafield><datafield ind1="0" ind2="4" tag="245"><subfield code="a">The Platte County record.</subfield></datafield><datafield ind1=" " ind2=" " tag="260"><subfield code="a">Wheatland, Platte County, Wyo. :</subfield><subfield code="b">W.E. Patterson</subfield></datafield><datafield ind1=" " ind2=" " tag="300"><subfield code="a">v.</subfield></datafield><datafield ind1=" " ind2=" " tag="310"><subfield code="a">Weekly,</subfield><subfield code="b">July 1942-1959</subfield></datafield><datafield ind1=" " ind2=" " tag="321"><subfield code="a">Weekly,</subfield><subfield code="b">&lt;1927&gt;-Nov. 11, 1937</subfield></datafield><datafield ind1=" " ind2=" " tag="321"><subfield code="a">Semiweekly,</subfield><subfield code="b">Nov. 16, 1937-June 1942</subfield></datafield><datafield ind1="1" ind2=" " tag="362"><subfield code="a">Began in 1927?</subfield></datafield><datafield ind1="0" ind2=" " tag="362"><subfield code="a">-v. 34, no. 33 (Dec. 25, 1959).</subfield></datafield><datafield ind1=" " ind2=" " tag="588"><subfield code="a">Description based on: Vol. 2, no. 45 (Apr. 11, 1929).</subfield></datafield><datafield ind1=" " ind2="0" tag="651"><subfield code="a">Platte County (Wyo.)</subfield><subfield code="v">Newspapers.</subfield></datafield><datafield ind1=" " ind2="0" tag="651"><subfield code="a">Wheatland (Wyo.)</subfield><subfield code="v">Newspapers.</subfield></datafield><datafield ind1=" " ind2="7" tag="655"><subfield code="a">Newspapers.</subfield><subfield code="2">fast</subfield><subfield code="0">(OCoLC)fst01423814</subfield></datafield><datafield ind1=" " ind2="7" tag="651"><subfield code="a">Wyoming</subfield><subfield code="z">Platte County.</subfield><subfield code="2">fast</subfield><subfield code="0">(OCoLC)fst01212141</subfield></datafield><datafield ind1=" " ind2="7" tag="651"><subfield code="a">Wyoming</subfield><subfield code="z">Wheatland.</subfield><subfield code="2">fast</subfield><subfield code="0">(OCoLC)fst01224923</subfield></datafield><datafield ind1=" " ind2=" " tag="752"><subfield code="a">United States</subfield><subfield code="b">Wyoming</subfield><subfield code="c">Platte</subfield><subfield code="d">Wheatland.</subfield></datafield><datafield ind1="0" ind2="0" tag="780"><subfield code="t">Chugwater record</subfield><subfield code="w">(DLC)sn 92066913</subfield></datafield><datafield ind1="0" ind2="7" tag="785"><subfield code="t">Wheatland times (Wheatland, Wyo. : 1937)</subfield><subfield code="w">(DLC)sn 92066905</subfield></datafield><datafield ind1="0" ind2="7" tag="785"><subfield code="t">Platte County record-times</subfield><subfield code="w">(DLC)sn 92066912</subfield></datafield></record>